@article{chkanikova2015corporate,
  title={Corporate supply chain responsibility: drivers and barriers for sustainable food retailing},
  author={Chkanikova, Olga and Mont, Oksana},
  journal={Corporate Social Responsibility and Environmental Management},
  volume={22},
  number={2},
  pages={65--82},
  year={2015},
  publisher={Wiley Online Library}
}
@article{brown2019companies,
  title={Why do companies pursue collaborative circular oriented innovation?},
  author={Brown, Phil and Bocken, Nancy and Balkenende, Ruud},
  journal={Sustainability},
  volume={11},
  number={3},
  pages={635},
  year={2019},
  publisher={MDPI}
}


@article{blomsma2022making,
  title={Making sense of circular economy: Understanding the progression from idea to action},
  author={Blomsma, Fenna and Tennant, Mike and Ozaki, Ritsuko},
  journal={Business Strategy and the Environment},
  year={2022},
  publisher={Wiley Online Library}
}

@article{carus2018circular,
  title={The circular bioeconomy—concepts, opportunities, and limitations},
  author={Carus, Michael and Dammer, Lara},
  journal={Industrial biotechnology},
  volume={14},
  number={2},
  pages={83--91},
  year={2018},
  publisher={Mary Ann Liebert, Inc. 140 Huguenot Street, 3rd Floor New Rochelle, NY 10801 USA}
}

@article{kalmykova2018circular,
  title={Circular economy--From review of theories and practices to development of implementation tools},
  author={Kalmykova, Yuliya and Sadagopan, Madumita and Rosado, Leonardo},
  journal={Resources, conservation and recycling},
  volume={135},
  pages={190--201},
  year={2018},
  publisher={Elsevier}
}

@article{ricciardi2021higher,
  title={Higher yields and more biodiversity on smaller farms},
  author={Ricciardi, Vincent and Mehrabi, Zia and Wittman, Hannah and James, Dana and Ramankutty, Navin},
  journal={Nature Sustainability},
  volume={4},
  number={7},
  pages={651--657},
  year={2021},
  publisher={Nature Publishing Group UK London}
}

@article{jahansoozi2006organization,
  title={Organization-stakeholder relationships: exploring trust and transparency},
  author={Jahansoozi, Julia},
  journal={Journal of management development},
  volume={25},
  number={10},
  pages={942--955},
  year={2006},
  publisher={Emerald Group Publishing Limited}
}

@article{kashmanian2017building,
  title={Building greater transparency in supply chains to advance sustainability},
  author={Kashmanian, Richard M},
  journal={Environmental Quality Management},
  volume={26},
  number={3},
  pages={73--104},
  year={2017},
  publisher={Wiley Online Library}
}

@article{rodriguez2020extractivismo,
  title={Extractivismo agr{\'\i}cola, frontera y fuerza de trabajo migrante: La expansi{\'o}n del monocultivo de pi{\~n}a en Costa Rica},
  author={Rodr{\'\i}guez Echavarr{\'\i}a, Tania and Prunier, Delphine},
  journal={Frontera norte},
  volume={32},
  year={2020},
  publisher={El Colegio de la Frontera Norte AC}
}
@book{magdoff2000hungry,
  title={Hungry for profit: The agribusiness threat to farmers, food, and the environment},
  author={Magdoff, Fred and Foster, John Bellamy and Buttel, Frederick H},
  year={2000},
  publisher={NYU Press}
}

@article{montiel2019effect,
  title={The effect of sustainability standard uncertainty on certification decisions of firms in emerging economies},
  author={Montiel, Ivan and Christmann, Petra and Zink, Trevor},
  journal={Journal of Business Ethics},
  volume={154},
  pages={667--681},
  year={2019},
  publisher={Springer}
}

@article{defries2017voluntary,
  title={Is voluntary certification of tropical agricultural commodities achieving sustainability goals for small-scale producers? A review of the evidence},
  author={DeFries, Ruth S and Fanzo, Jessica and Mondal, Pinki and Remans, Roseline and Wood, Stephen A},
  journal={Environmental research letters},
  volume={12},
  number={3},
  pages={033001},
  year={2017},
  publisher={IOP Publishing}
}

@book{oecd2017oecd,
  title={OECD Food and Agricultural Reviews Agricultural Policies in Costa Rica},
  author={{OECD}},
  year={2017},
  publisher={OECD Publishing}
}

@article{sajjad2015sustainable,
  title={Sustainable supply chain management: motivators and barriers},
  author={Sajjad, Aymen and Eweje, Gabriel and Tappin, David},
  journal={Business Strategy and the Environment},
  volume={24},
  number={7},
  pages={643--655},
  year={2015},
  publisher={Wiley Online Library}
}

@article{dangelico2010mainstreaming,
  title={Mainstreaming green product innovation: Why and how companies integrate environmental sustainability},
  author={Dangelico, Rosa Maria and Pujari, Devashish},
  journal={Journal of business ethics},
  volume={95},
  pages={471--486},
  year={2010},
  publisher={Springer}
}

@article{athukorala2003food,
  title={Food safety issues, trade and WTO rules: A developing country perspective},
  author={Athukorala, Prema-Chandra and Jayasuriya, Sisira},
  journal={World Economy},
  volume={26},
  number={9},
  pages={1395--1416},
  year={2003},
  publisher={Wiley Online Library}
}

@article{sujamol2018study,
  title={Study of fuzzy cognitive maps for modeling clinical support systems},
  author={Sujamol, S and Ashok, S and Krishnakumar, U},
  journal={International Journal of Pure and Applied Mathematics},
  volume={119},
  number={12},
  pages={15433--45},
  year={2018}
}
@article{papageorgiou2011new,
  title={A new methodology for decisions in medical informatics using fuzzy cognitive maps based on fuzzy rule-extraction techniques},
  author={Papageorgiou, Elpiniki I},
  journal={Applied Soft Computing},
  volume={11},
  number={1},
  pages={500--513},
  year={2011},
  publisher={Elsevier}
}
@article{diniz2015mapping,
  title={Mapping future changes in livelihood security and environmental sustainability based on perceptions of small farmers in the Brazilian Amazon},
  author={Diniz, Fabio H and Kok, Kasper and Hoogstra-Klein, Marjanke A and Arts, Bas},
  journal={Ecology and Society},
  volume={20},
  number={2},
  year={2015},
  publisher={JSTOR}
}

@book{wang2015study,
  title={A study of membership functions on mamdani-type fuzzy inference system for industrial decision-making},
  author={Wang, Chonghua},
  year={2015},
  publisher={Lehigh University}
}

@article{sattler2012expert,
  title={Expert knowledge-based assessment of farming practices for different biotic indicators using fuzzy logic},
  author={Sattler, Claudia and Stachow, Ulrich and Berger, Gert},
  journal={Journal of Environmental Management},
  volume={95},
  number={1},
  pages={132--143},
  year={2012},
  publisher={Elsevier}
}

@article{amini2022combined,
  title={A Combined Approach of Fuzzy Cognitive Maps and Fuzzy Rule-Based Inference Supporting Freeway Traffic Control Strategies},
  author={Amini, Mehran and Hatwagner, Miklos F and Koczy, Laszlo T},
  journal={Mathematics},
  volume={10},
  number={21},
  pages={4139},
  year={2022},
  publisher={MDPI}
}

@article{konti2022determinants,
  title={The Determinants of the Growth of the European Bioplastics Sector—A Fuzzy Cognitive Maps Approach},
  author={Konti, Aikaterini and Mamma, Diomi and Scarlat, Nicolae and Damigos, Dimitris},
  journal={Sustainability},
  volume={14},
  number={10},
  pages={6035},
  year={2022},
  publisher={MDPI}
}  

@article{lopolito2020combined,
  title={A Combined method to model policy interventions for local communities based on people knowledge},
  author={Lopolito, Antonio and Falcone, Pasquale Marcello and Morone, Piergiuseppe and Sica, Edgardo},
  journal={MethodsX},
  volume={7},
  pages={100877},
  year={2020},
  publisher={Elsevier}
}

@article{jetter2014fuzzy,
  title={Fuzzy Cognitive Maps for futures studies—A methodological assessment of concepts and methods},
  author={Jetter, Antonie J and Kok, Kasper},
  journal={Futures},
  volume={61},
  pages={45--57},
  year={2014},
  publisher={Elsevier}
}

@article{nasirzadeh2020modelling,
  title={Modelling the social dimension of sustainable development using fuzzy cognitive maps},
  author={Nasirzadeh, Farnad and Ghayoumian, Masoud and Khanzadi, Mostafa and Rostamnezhad Cherati, Mozhdeh},
  journal={International journal of construction management},
  volume={20},
  number={3},
  pages={223--236},
  year={2020},
  publisher={Taylor \& Francis}
}

@article{mkhitaryan2022fcmpy,
  title={FCMpy: a python module for constructing and analyzing fuzzy cognitive maps},
  author={Mkhitaryan, Samvel and Giabbanelli, Philippe and Wozniak, Maciej K and N{\'a}poles, Gonzalo and De Vries, Nanne and Crutzen, Rik},
  journal={PeerJ Computer Science},
  volume={8},
  pages={e1078},
  year={2022},
  publisher={PeerJ Inc.}
}

@article{salberg2022assessing,
  title={Assessing Fuzzy Cognitive Mapping as a participatory and interdisciplinary approach to explore marine microfiber pollution},
  author={Salberg, Vilde Margrete and Booth, Andy M and Jahren, Susie and Novo, Paula},
  journal={Marine Pollution Bulletin},
  volume={179},
  pages={113713},
  year={2022},
  publisher={Elsevier}
}

@inproceedings{anezakis2016fuzzy,
  title={Fuzzy cognitive maps for long-term prognosis of the evolution of atmospheric pollution, based on climate change scenarios: the case of Athens},
  author={Anezakis, Vardis-Dimitris and Dermetzis, Konstantinos and Iliadis, Lazaros and Spartalis, Stefanos},
  booktitle={International Conference on Computational Collective Intelligence},
  pages={175--186},
  year={2016},
  organization={Springer}
}

@article{papageorgiou2011fuzzyozesmi2006ecosystems,
  title={Ecosystems in the mind: Fuzzy cognitive maps of the Kizilirmak Delta Wetlands in Turkey},
  author={Ozesmi, Uygar},
  journal={arXiv preprint q-bio/0603022},
  year={2006}
}

@article{ozesmi2003participatory,
  title={A participatory approach to ecosystem conservation: fuzzy cognitive maps and stakeholder group analysis in Uluabat Lake, Turkey},
  author={{\"O}zesmi, Uygar and {\"O}zesmi, Stacy},
  journal={Environmental management},
  volume={31},
  number={4},
  pages={0518--0531},
  year={2003},
  publisher={Springer}
} 
@article{olazabal2016use,
  title={Use of fuzzy cognitive maps to study urban resilience and transformation},
  author={Olazabal, Marta and Pascual, Unai},
  journal={Environmental Innovation and Societal Transitions},
  volume={18},
  pages={18--40},
  year={2016},
  publisher={Elsevier}
}

@incollection{kafetzis2010using,
  title={Using fuzzy cognitive maps to support the analysis of stakeholders’ views of water resource use and water quality policy},
  author={Kafetzis, Alkis and McRoberts, Neil and Mouratiadou, Ioanna},
  booktitle={Fuzzy cognitive maps},
  pages={383--402},
  year={2010},
  publisher={Springer}
}

@article{giordano2005fuzzy,
  title={Fuzzy cognitive maps for issue identification in a water resources conflict resolution system},
  author={Giordano, R and Passarella, G and Uricchio, VF and Vurro, M},
  journal={Physics and Chemistry of the Earth, Parts A/B/C},
  volume={30},
  number={6-7},
  pages={463--469},
  year={2005},
  publisher={Elsevier}
}

@article{assunccao2020rethinking,
  title={Rethinking urban sustainability using fuzzy cognitive mapping and system dynamics},
  author={Assun{\c{c}}{\~a}o, ERGTR and Ferreira, Fernando AF and Meidut{\.e}-Kavaliauskien{\.e}, I and Zopounidis, Constantin and Pereira, LF and Correia, RJC},
  journal={International Journal of Sustainable Development \& World Ecology},
  volume={27},
  number={3},
  pages={261--275},
  year={2020},
  publisher={Taylor \& Francis}
}

@article{eriksson2022using,
  title={Using stakeholder-based fuzzy cognitive mapping to assess benefits of restoration in wildfire-vulnerable forests},
  author={Eriksson, Max and Safeeq, Mohammad and Pathak, Tapan and Egoh, Benis and Bales, Roger},
  journal={Restoration Ecology},
  pages={e13766},
  year={2022},
  publisher={Wiley Online Library}
}

@article{devisscher2016anticipating,
  title={Anticipating future risk in social-ecological systems using fuzzy cognitive mapping: the case of wildfire in the Chiquitania, Bolivia},
  author={Devisscher, Tahia and Boyd, Emily and Malhi, Yadvinder},
  journal={Ecology and Society},
  volume={21},
  number={4},
  year={2016},
  publisher={JSTOR}
}

@article{kyriakarakos2014fuzzy,
  title={A fuzzy cognitive maps decision support system for renewables local planning},
  author={Kyriakarakos, George and Patlitzianas, Konstantinos and Damasiotis, Markos and Papastefanakis, Dimitrios},
  journal={Renewable and Sustainable Energy Reviews},
  volume={39},
  pages={209--222},
  year={2014},
  publisher={Elsevier}
}

@article{alipour2019characteristics,
  title={Characteristics and scenarios of solar energy development in Iran: Fuzzy cognitive map-based approach},
  author={Alipour, Mahdi and Hafezi, R and Papageorgiou, E and Hafezi, M and Alipour, M},
  journal={Renewable and Sustainable Energy Reviews},
  volume={116},
  pages={109410},
  year={2019},
  publisher={Elsevier}
}

@article{jetter2011building,
  title={Building scenarios with Fuzzy Cognitive Maps: An exploratory study of solar energy},
  author={Jetter, Antonie and Schweinfort, Willi},
  journal={Futures},
  volume={43},
  number={1},
  pages={52--66},
  year={2011},
  publisher={Elsevier}
}


@article{reckien2014weather,
  title={Weather extremes and street life in India—Implications of Fuzzy Cognitive Mapping as a new tool for semi-quantitative impact assessment and ranking of adaptation measures},
  author={Reckien, Diana},
  journal={Global Environmental Change},
  volume={26},
  pages={1--13},
  year={2014},
  publisher={Elsevier}
}

@article{singh2014livelihood,
  title={Livelihood vulnerability assessment to climate variability and change using fuzzy cognitive mapping approach},
  author={Singh, Pramod K and Nair, Abhishek},
  journal={Climatic Change},
  volume={127},
  number={3},
  pages={475--491},
  year={2014},
  publisher={Springer}
}

@article{kontogianni2012you,
  title={How do you perceive environmental change? Fuzzy Cognitive Mapping informing stakeholder analysis for environmental policy making and non-market valuation},
  author={Kontogianni, Areti D and Papageorgiou, Elpiniki I and Tourkolias, Christos},
  journal={Applied Soft Computing},
  volume={12},
  number={12},
  pages={3725--3735},
  year={2012},
  publisher={Elsevier}
}

@article{morone2019promote,
  title={How to promote a new and sustainable food consumption model: A fuzzy cognitive map study},
  author={Morone, Piergiuseppe and Falcone, Pasquale Marcello and Lopolito, Antonio},
  journal={Journal of cleaner production},
  volume={208},
  pages={563--574},
  year={2019},
  publisher={Elsevier}
}

@article{konti2018exploring,
  title={Exploring strengths and weaknesses of bioethanol production from bio-waste in Greece using Fuzzy Cognitive Maps},
  author={Konti, A and Damigos, D},
  journal={Energy Policy},
  volume={112},
  pages={4--11},
  year={2018},
}

@article{kokkinos2018fuzzy,
  title={Fuzzy cognitive map-based modeling of social acceptance to overcome uncertainties in establishing waste biorefinery facilities},
  author={Kokkinos, Konstantinos and Lakioti, Evangelia and Papageorgiou, Elpiniki and Moustakas, Konstantinos and Karayannis, Vayos},
  journal={Frontiers in Energy Research},
  volume={6},
  pages={112},
  year={2018},
  publisher={Frontiers Media SA}
}

@article{morone2021using,
  title={Using fuzzy cognitive maps to identify better policy strategies to valorize organic waste flows: An Italian case study},
  author={Morone, Piergiuseppe and Yilan, G{\"u}l{\c{s}}ah and Imbert, Enrica},
  journal={Journal of Cleaner Production},
  volume={319},
  pages={128722},
  year={2021},
  publisher={Elsevier}
}

@article{falcone2020use,
  title={Use of fuzzy cognitive maps to develop policy strategies for the optimization of municipal waste management: A case study of the land of fires (Italy)},
  author={Falcone, Pasquale Marcello and De Rosa, Salvatore Paolo},
  journal={Land use policy},
  volume={96},
  pages={104680},
  year={2020},
  publisher={Elsevier}
}
@article{soler2012using,
  title={Using fuzzy cognitive maps to describe current system dynamics and develop land cover scenarios: a case study in the Brazilian Amazon},
  author={Soler, Luciana S and Kok, Kasper and Camara, Gilberto and Veldkamp, Antoine},
  journal={Journal of Land Use Science},
  volume={7},
  number={2},
  pages={149--175},
  year={2012},
  publisher={Taylor \& Francis}
}

@article{kontogianni2012risks,
  title={Risks for the Black Sea marine environment as perceived by Ukrainian stakeholders: A fuzzy cognitive mapping application},
  author={Kontogianni, A and Papageorgiou, E and Salomatina, L and Skourtos, M and Zanou, B},
  journal={Ocean \& coastal management},
  volume={62},
  pages={34--42},
  year={2012},
  publisher={Elsevier}
}

@article{christen2015can,
  title={Can fuzzy cognitive mapping help in agricultural policy design and communication?},
  author={Christen, Benjamin and Kjeldsen, Chris and Dalgaard, Tommy and Martin-Ortega, Julia},
  journal={Land Use Policy},
  volume={45},
  pages={64--75},
  year={2015},
  publisher={Elsevier}
}
@article{christen2015can,
  title={Can fuzzy cognitive mapping help in agricultural policy design and communication?},
  author={Christen, Benjamin and Kjeldsen, Chris and Dalgaard, Tommy and Martin-Ortega, Julia},
  journal={Land Use Policy},
  volume={45},
  pages={64--75},
  year={2015},
  publisher={Elsevier}
}



@article{kokkinos2020circular,
  title={Circular bio-economy via energy transition supported by Fuzzy Cognitive Map modeling towards sustainable low-carbon environment},
  author={Kokkinos, Konstantinos and Karayannis, Vayos and Moustakas, Konstantinos},
  journal={Science of the Total Environment},
  volume={721},
  pages={137754},
  year={2020},
  publisher={Elsevier}
}

@article{kok2009potential,
  title={The potential of Fuzzy Cognitive Maps for semi-quantitative scenario development, with an example from Brazil},
  author={Kok, Kasper},
  journal={Global environmental change},
  volume={19},
  number={1},
  pages={122--133},
  year={2009},
  publisher={Elsevier}
}

@article{giurca2017forest,
  title={A forest-based bioeconomy for Germany? Strengths, weaknesses and policy options for lignocellulosic biorefineries},
  author={Giurca, Alexandru and Sp{\"a}th, Philipp},
  journal={Journal of Cleaner Production},
  volume={153},
  pages={51--62},
  year={2017},
  publisher={Elsevier}
}

@article{hakimi1964optimum,
  title={Optimum locations of switching centers and the absolute centers and medians of a graph},
  author={Hakimi, S Louis},
  journal={Operations research},
  volume={12},
  number={3},
  pages={450--459},
  year={1964},
  publisher={informs}
}

@article{hu2017bi,
  title={A bi-objective two-stage robust location model for waste-to-energy facilities under uncertainty},
  author={Hu, Chenlian and Liu, Xiao and Lu, Jie},
  journal={Decision Support Systems},
  volume={99},
  pages={37--50},
  year={2017},
  publisher={Elsevier}
}

@article{adeleke2020facility,
  title={Facility location problems: models, techniques, and applications in waste management},
  author={Adeleke, Olawale J and Olukanni, David O},
  journal={Recycling},
  volume={5},
  number={2},
  pages={10},
  year={2020},
  publisher={MDPI}
}

@article{guerrero2016gis,
  title={GIS-based assessment of banana residual biomass potential for ethanol production and power generation: a case study},
  author={Guerrero, Ana Bel{\'e}n and Aguado, Pedro Luis and S{\'a}nchez, Javier and Curt, Mar{\'\i}a Dolores},
  journal={Waste and biomass valorization},
  volume={7},
  pages={405--415},
  year={2016},
  publisher={Springer}
}

@article{duarte2014facility,
  title={A facility-location model for biofuel plants: Applications in the Colombian context},
  author={Duarte, Alexandra E and Sarache, William A and Costa, Yasel J},
  journal={Energy},
  volume={72},
  pages={476--483},
  year={2014},
  publisher={Elsevier}
}

@article{athira2020effective,
  title={Effective utilization of sugar industry waste in Indian construction sector: A geospatial approach},
  author={Athira, G and Bahurudeen, A and Sahu, Prasanta K and Santhanam, Manu and Nanthagopalan, Prakash and Lalu, S},
  journal={Journal of Material Cycles and Waste Management},
  volume={22},
  pages={724--736},
  year={2020},
  publisher={Springer}
}

@article{wu2020optimization,
  title={Optimization of vehicle routing for waste collection and transportation},
  author={Wu, Hailin and Tao, Fengming and Yang, Bo},
  journal={International Journal of Environmental Research and Public Health},
  volume={17},
  number={14},
  pages={4963},
  year={2020},
  publisher={MDPI}
}

@article{berglund2014robust,
  title={Robust facility location problem for hazardous waste transportation},
  author={Berglund, Paul G and Kwon, Changhyun},
  journal={Networks and spatial Economics},
  volume={14},
  number={1},
  pages={91--116},
  year={2014},
  publisher={Springer}
}

@article{cooper1963location,
  title={Location-allocation problems},
  author={Cooper, Leon},
  journal={Operations research},
  volume={11},
  number={3},
  pages={331--343},
  year={1963},
  publisher={INFORMS}
}

@article{kokash2005introduction,
  title={An introduction to heuristic algorithms},
  author={Kokash, Natallia},
  journal={Department of Informatics and Telecommunications},
  pages={1--8},
  year={2005},
  publisher={Citeseer}
}

@article{abdel2018metaheuristic,
  title={Metaheuristic algorithms: A comprehensive review},
  author={Abdel-Basset, Mohamed and Abdel-Fatah, Laila and Sangaiah, Arun Kumar},
  journal={Computational intelligence for multimedia big data on the cloud with engineering applications},
  pages={185--231},
  year={2018},
  publisher={Elsevier}
}

@article{sridharan1995capacitated,
  title={The capacitated plant location problem},
  author={Sridharan, Ramaswami},
  journal={European Journal of Operational Research},
  volume={87},
  number={2},
  pages={203--213},
  year={1995},
  publisher={Elsevier}
}

@article{seppanen1970facilities,
  title={Facilities planning with graph theory},
  author={Sepp{\"a}nen, Jouko and Moore, James M},
  journal={Management Science},
  volume={17},
  number={4},
  pages={B--242},
  year={1970},
  publisher={INFORMS}
}

@inproceedings{papageorgiou2003fuzzy,
  title={Fuzzy cognitive map learning based on nonlinear Hebbian rule},
  author={Papageorgiou, Elpiniki and Stylios, Chrysostomos and Groumpos, Peter},
  booktitle={AI 2003: Advances in Artificial Intelligence: 16th Australian Conference on AI, Perth, Australia, December 3-5, 2003. Proceedings 16},
  pages={256--268},
  year={2003},
  organization={Springer Berlin Heidelberg}
}

@article{wolf2022solving,
  title={Solving location-allocation problems with professional optimization software},
  author={Wolf, Gert W},
  journal={Transactions in GIS},
  year={2022},
  publisher={Wiley Online Library}
}

@book{farahani2009facility,
  title={Facility location: concepts, models, algorithms and case studies},
  author={Farahani, Reza Zanjirani and Hekmatfar, Masoud},
  year={2009},
  publisher={Springer Science \& Business Media}
}

@article{fearon2006alfred,
  title={Alfred weber: theory of the location of industries, 1909},
  author={Fearon, David},
  journal={{\'R} Center for Spatially Integrated Social Science},
  year={2006}
}

@article{markard2008technological,
  title={Technological innovation systems and the multi-level perspective: Towards an integrated framework},
  author={Markard, Jochen and Truffer, Bernhard},
  journal={Research policy},
  volume={37},
  number={4},
  pages={596--615},
  year={2008},
  publisher={Elsevier}
}

@article{papageorgiou2012using,
  title={Using fuzzy cognitive mapping in environmental decision making and management: a methodological primer and an application},
  author={Papageorgiou, Elpiniki and Kontogianni, Areti},
  journal={International perspectives on global environmental change},
  pages={427--450},
  year={2012},
  publisher={InTech Rijeka, Croatia}
}

@article{edwards2021building,
  title={Building a Fuzzy Cognitive Map from stakeholder knowledge: An Episodic, asynchronous approach},
  author={Edwards, Glory I and Kok, Kasper},
  journal={Current Research in Environmental Sustainability},
  volume={3},
  pages={100053},
  year={2021},
  publisher={Elsevier}
}

@misc{barbrook2022systems,
  title={Systems Mapping: How to build and use causal models of systems},
  author={Barbrook-Johnson, Pete and Penn, Alexandra S},
  year={2022},
  publisher={Springer Nature}
}

@article{ozesmi2004ecological,
  title={Ecological models based on people’s knowledge: a multi-step fuzzy cognitive mapping approach},
  author={{\"O}zesmi, Uygar and {\"O}zesmi, Stacy L},
  journal={Ecological modelling},
  volume={176},
  number={1-2},
  pages={43--64},
  year={2004},
  publisher={Elsevier}
}

@book{rubin2021rocking,
  title={Rocking qualitative social science: An irreverent guide to rigorous research},
  author={Rubin, Ashley T},
  year={2021},
  publisher={Stanford University Press}
}

@article{quesada2003utilizacion,
  title={Utilizaci{\'o}n del rastrojo de pi{\~n}a (Ananas comusus) como refuerzo de una resina poli{\'e}ster comercial},
  author={Quesada Sol{\'\i}s, Karol Vanessa},
  year={2003},
  publisher={Universidad Nacional (Costa Rica)}
}

@inproceedings{antikainen2017circular,
  title={Circular economy business model innovation process--Case study},
  author={Antikainen, Maria and Aminoff, Anna and Kettunen, Outi and Sundqvist-Andberg, Henna and Paloheimo, Harri},
  booktitle={International Conference on Sustainable Design and Manufacturing},
  pages={546--555},
  year={2017},
  organization={Springer}
}

@article{collins1949history,
  title={History, taxonomy and culture of the pineapple},
  author={Collins, Julius Lloyd},
  journal={Economic Botany},
  volume={3},
  number={4},
  pages={335--359},
  year={1949},
  publisher={Springer}
}
@article{hernandez2018impact,
  title={Impact and biorefinery opportunities for agricultural waste of the cultivation of pineapple (Ananas comosus) in Costa Rica},
  author={Hern{\'a}ndez-Chaverri, Rodolfo A and Barrag{\'a}n, Lilia Arely Prado},
  journal={Cuadernos de Investigaci{\'o}n UNED},
  volume={10},
  number={2},
  pages={455--468},
  year={2018},
  publisher={http://creativecommons. org/licenses/by/3.0/}
}

@incollection{salaheen2019organic,
  title={Organic farming practices: Integrated culture versus monoculture},
  author={Salaheen, Serajus and Biswas, Debabrata},
  booktitle={Safety and practice for organic food},
  pages={23--32},
  year={2019},
  publisher={Elsevier}
}

@article{rodriguez2020agricultural,
  title={Agricultural Extractivism, Border and Migrant Workforce: The Expansion of Pineapple Monoculture in Costa Rica},
  author={Rodr{\'\i}guez Echavarr{\'\i}a, Tania and Prunier, Delphine},
  journal={Frontera norte},
  volume={32},
  year={2020},
  publisher={El Colegio de la Frontera Norte AC}
}
@article{asim2015review,
  title={A review on pineapple leaves fibre and its composites},
  author={Asim, Mohammad and Abdan, Khalina and Jawaid, M and Nasir, M and Dashtizadeh, Zahra and Ishak, MR and Hoque, M Enamul},
  journal={International Journal of Polymer Science},
  volume={2015},
  year={2015},
  publisher={Hindawi}
}

@article{fao2021emissions,
  title={Emissions due to agriculture. Global, regional and country trends 2000--2018},
  author={FAO},
  journal={FAOSTAT Analytical Brief Series No 18},
  year={2021}
}
@misc{cenagro2014,
  title={{CENAGRO. Resultados Generales. VI Censo Nacional Agropecuario}},
  author={{INEC}},
  year={2014},
  url ={https://admin.inec.cr/sites/default/files/media/reagropeccenagro2014-002_1_2.pdf},
 note={Accessed: December 29, 2022},
}
@article{fruit2020international,
  title={{The International Year of Fruits and Vegetables 2021}},
  author={FAO},
  journal={Background Paper},
  year={2020}
}
@book{o2013pineapple,
  title={Pineapple: A global history},
  author={O'Connor, Kaori},
  year={2013},
  publisher={Reaktion Books}
}

@article{velasco2021circular,
  title={Circular economy implementation in the agricultural sector: Definition, strategies and indicators},
  author={Velasco-Mu{\~n}oz, Juan F and Mendoza, Joan Manuel F and Aznar-S{\'a}nchez, Jos{\'e} A and Gallego-Schmid, Alejandro},
  journal={Resources, Conservation and Recycling},
  volume={170},
  pages={105618},
  year={2021},
  publisher={Elsevier}
}

@article{gottinger2020studying,
  title={Studying the transition towards a circular bioeconomy—a systematic literature review on transition studies and existing barriers},
  author={Gottinger, Alexandra and Ladu, Luana and Quitzow, Rainer},
  journal={Sustainability},
  volume={12},
  number={21},
  pages={8990},
  year={2020},
  publisher={MDPI}
}

@article{tan2021circular,
  title={Circular bioeconomy concepts—a perspective},
  author={Tan, Eric CD and Lamers, Patrick},
  journal={Frontiers in Sustainability},
  volume={2},
  pages={701509},
  year={2021},
  publisher={Frontiers Media SA}
}

@article{antikainen2016framework,
  title={A framework for sustainable circular business model innovation},
  author={Antikainen, Maria and Valkokari, Katri},
  journal={Technology Innovation Management Review},
  volume={6},
  number={7},
  year={2016}
}

@Online {JorgeDrexler,
  title = {Jorge Drexler: “O señalas con el dedo desde arriba ‘toda esa mierda que está pasando ahora’, o intentas que los jóvenes te hagan hueco” | Cultura | EL PAÍS},
  date = {2022-12-17},
  year = {2022},
  author = {Jorge Drexler},
  url = {https://elpais.com/cultura/2022-12-17/jorge-drexler-o-senalas-con-el-dedo-desde-arriba-toda-esa-mierda-que-esta-pasando-ahora-o-intentas-que-los-jovenes-te-hagan-hueco.html},
  urldate = {2022-12-17}
}
@techreport{adhia2021spinning,
  title={Spinning future threads: the potential of agricultural residues as textile fibre feedstock},
  author={Adhia, Vivek and Mishra, Anannya and Banerjee, Divya and Appadurai, A Nambi and Preethan, Parvathi and Khan, Yasar and de Wagenaar, Dieuwertje and Harmsen, Paulien and Elbersen, Berien and van Eupen, Michiel and others},
  year={2021},
  institution={Institute for Sustainable Communities}
}

@article{alpizar2016analisis,
  title={An{\'a}lisis TSA: El Plan de Acci{\'o}n de Pi{\~n}a},
  author={Alp{\'\i}zar, Francisco and Salas, Ariana},
  year={2016}
}

@inproceedings{elbersen2019costa,
  title={Costa Rica pineapple field residue valorisation},
  author={Elbersen, HW and Hengsdijk, Huib},
  booktitle={27th European Biomass Conference and Exhibition, EUBCE 2019},
  year={2019}
}

@incollection{cesarino2020fabrication,
  title={Fabrication of pineapple leaf fibers reinforced composites},
  author={Cesarino, I and Carnietto, MB and Bronzato, GRF and Leao, AL},
  booktitle={Pineapple Leaf Fibers},
  pages={265--277},
  year={2020},
  publisher={Springer}
}

@article{poltronieri2016biotransformation,
  title={Biotransformation of agricultural waste and by-products},
  author={Poltronieri, Palmiro and D'Urso, Oscar Fernando},
  journal={Food, Feed, Fibre, Fuel (4F) Economy},
  pages={1--357},
  year={2016},
  publisher={Elsevier}
}

@incollection{IPCC_2022_WGIII_SPM,
address = {Cambridge, UK and New York, NY, USA},
author = {IPCC},
booktitle = {Climate Change 2022: Mitigation of Climate Change. Contribution of Working Group III to the Sixth Assessment Report of the Intergovernmental Panel on Climate Change},
doi = {10.1017/9781009157926.001},
editor = {Shukla, P.R. and Skea, J. and Slade, R. and Khourdajie, A. Al and van Diemen, R. and McCollum, D. and Pathak, M. and Some, S. and Vyas, P. and Fradera, R. and Belkacemi, M. and Hasija, A. and Lisboa, G. and Luz, S. and Malley, J.},
publisher = {Cambridge University Press},
title = {{Summary for Policymakers}},
year = {2022}
}


@article{netz2007climate,
  title={Climate change 2007: Mitigation. Contribution of Working Group III to the Fourth Assessment Report of the Intergovernmental Panel on Climate Change. Summary for Policymakers.},
  author={Netz, Bert and Davidson, Ogunlade R and Bosch, Peter R and Dave, Rutu and Meyer, Leo A and others},
  journal={Climate change 2007: Mitigation. Contribution of Working Group III to the Fourth Assessment Report of the Intergovernmental Panel on Climate Change. Summary for Policymakers.},
  year={2007},
  publisher={Intergovernmental Panel on Climate Change (IPCC)}
}

@misc {FAOSTAT2022,
  title = {Crops and livestock products},
  date = {2022-07-15},
  year = {2022},
  url  = {https://www.fao.org/faostat/en/#data/QCL},
  note={Accessed: July 16, 2022},
   author={{FAOSTAT}}
}

@book{jawaid2020pineapple,
  title={Pineapple Leaf Fibers},
  author={Jawaid, Mohammad and Asim, Mohammad and Tahir, Paridah Md and Nasir, Mohammed},
  year={2020},
  publisher={Springer}
}

@article{yusof2015novel,
  title={Novel technology for sustainable pineapple leaf fibers productions},
  author={Yusof, Yusri and Yahya, Siti Asia and Adam, Anbia},
  journal={Procedia CIRP},
  volume={26},
  pages={756--760},
  year={2015},
  publisher={Elsevier}
}

@incollection{hassan2011pineapple,
  title={Pineapple (Ananas comosus L. Merr.)},
  author={Hassan, A and Othman, Z and Siriphanich, J},
  booktitle={Postharvest biology and technology of tropical and subtropical fruits},
  pages={194--218e},
  year={2011},
  publisher={Elsevier}
}

@article{chen2020production,
  title={Production of renewable fuel and value-added bioproducts using pineapple leaves in Costa Rica},
  author={Chen, Ana and Guan, Ysabel J and Bustamante, Mauricio and Uribe, Lidieth and Uribe-Lor{\'\i}o, Lorena and Roos, Mariana Murillo and Liu, Yan},
  journal={Biomass and Bioenergy},
  volume={141},
  pages={105675},
  year={2020},
  publisher={Elsevier}
}

@article{kyawt2020feeding,
  title={Feeding pineapple waste silage as roughage source improved the nutrient intakes, energy status and growth performances of growing Myanmar local cattle},
  author={Kyawt, Yin Yin and San Win, Kyaw and San Mu, Khin and Aung, Aung and Aung, Min},
  journal={Journal of advanced veterinary and animal research},
  volume={7},
  number={3},
  pages={436},
  year={2020},
  publisher={Network for the Veterinarians of Bangladesh}
}


@article{kosko1986fuzzy,
  title={Fuzzy cognitive maps},
  author={Kosko, Bart},
  journal={International journal of man-machine studies},
  volume={24},
  number={1},
  pages={65--75},
  year={1986},
  publisher={Elsevier}
}

@article{mora2021tropical,
  title={Tropical agroindustrial biowaste revalorization through integrative biorefineries—review part I: coffee and palm oil by-products},
  author={Mora-Villalobos, Jose-An{\'\i}bal and Aguilar, Francisco and Carballo-Arce, Ana-Francis and Vega-Baudrit, Jos{\'e}-Roberto and Trimino-Vazquez, Humberto and Villegas-Pe{\~n}aranda, Luis Roberto and St{\"o}bener, Anne and Eixenberger, Daniela and Bubenheim, Paul and Sandoval-Barrantes, Manuel and others},
  journal={Biomass Conversion and Biorefinery},
  pages={1--19},
  year={2021},
  publisher={Springer}
}

@article{mund2021cellulose,
  title={Cellulose solvent--based pretreatment and enzymatic hydrolysis of pineapple leaf waste biomass for efficient release of glucose towards biofuel production},
  author={Mund, Nitesh K and Dash, Debabrata and Mishra, Prasannajit and Nayak, Nihar R},
  journal={Biomass Conversion and Biorefinery},
  pages={1--10},
  year={2021},
  publisher={Springer}
}

@incollection{valverde2021alternative,
  title={An Alternative Circular Business Model: Pineapple Waste for the Production of Textile Fiber for Rope Confection in Costa Rica},
  author={Valverde, Esteban and Torres, Luis and Chamorro, Rodrigo and Gamboa, Paola and V{\'a}squez, Carolina and Camacho, Diego and Hallog, Anthony and Quir{\'o}s, Roberto},
  booktitle={Sustainable Fashion and Textiles in Latin America},
  pages={191--217},
  year={2021},
  publisher={Springer}
}

@misc {employmentCR,
  title = {Costa Rica: Sustainable Pineapple, United Nations Development Programme},
  date = {2022-07-19},
  year = {2022},
  file = {:./references/greencommodities-costa-rica-sustainable-pineapple.html:html},
  url = {https://www.undp.org/greencommodities/costa-rica-sustainable-pineapple},
  note={Accessed: July 19, 2022},
  author={{UNDP}}
}

@misc {Zuppar,
  title = {Zuppar : a high potential fiber from pineapple leaves : Research Impact by Mahidol, YouTube},
  date = {2022-07-19},
  year = {2022},
  file = {:./references/watch.html:html},
  url = {https://www.youtube.com/watch?v=rJuv8KUnnrA&ab_channel=MahidolWorld},
  note={Accessed: July 19, 2022},
  author={Zuppar}
}

@article{sibaly2017production,
  title={Production of paper from pineapple leaves},
  author={Sibaly, Stephen and Jeetah, Pratima},
  journal={Journal of Environmental Chemical Engineering},
  volume={5},
  number={6},
  pages={5978--5986},
  year={2017},
  publisher={Elsevier}
}

@misc {Pinyapel,
  title = {Pinyapel, Design Center of the Philippines },
  date = {2022-07-19},
  year = {2022},
  file = {:./references/awards-professional-2019-future-232275-pinyapel-.html:html},
  url = {https://www.dandad.org/awards/professional/2019/future/232275/pinyapel/},
  note={Accessed: July 19, 2022},
  author={Pinyapel}
}

@misc {LifePack,
  title = {LifePack, Productos responsables con el Medio Ambiente},
  date = {2021-10-21},
  year = {2021},
  file = {:./references/.html:html},
  url = {https://lifepack.com.co/},
   note={Accessed: July 19, 2022},
   author={LifePack}
}

@article{lopez2014meta,
  title={Meta-an{\'a}lisis de los subproductos de pi{\~n}a (Ananas comosus) para la alimentaci{\'o}n animal},
  author={L{\'o}pez-Herrera, Michael and WingChing-Jones, Rodolfo and Rojas-Bourrill{\'o}n, Augusto},
  journal={Agronom{\'\i}a Mesoamericana},
  volume={25},
  number={2},
  pages={383--391},
  year={2014},
  publisher={https://creativecommons. org/licenses/by-nc-nd/4.0/}
}

@misc {CircularSystems,
  title = {Circular Systems, Regenerative Impact},
  date = {2022-07-19},
  year = {2022},
  file = {:./references/.html:html},
  url = {https://circularsystems.com/},
  note={Accessed: July 19, 2022},
  author={{Circular Systems}}
}

@article{braun2021environmental,
  title={Environmental Consequences of Closing the Textile Loop—Life Cycle Assessment of a Circular Polyester Jacket},
  author={Braun, Gregor and Som, Claudia and Schmutz, M{\'e}lanie and Hischier, Roland},
  journal={Applied Sciences},
  volume={11},
  number={7},
  pages={2964},
  year={2021},
  publisher={MDPI}
}

@misc {SCIJLey,
  title = {Ley para la prohibición del poliestireno expandido, reforma Ley para la Gestión Integral de Residuos 9703},
  date = {2022-07-19},
  year = {2019},
  file = {:./references/scij-Busqueda-Normativa-Normas-nrm_texto_completo.aspx.html:html},
  url = {http://www.pgrweb.go.cr/scij/Busqueda/Normativa/Normas/nrm_texto_completo.aspx?param1=NRTC&nValor1=1&nValor2=89355},
 note={Accessed: July 19, 2022},
 author={{SCIJ}}
}

@misc {EstrategiaNacional,
  title = {Estrategia Nacional para la sustitución de plásticos de un solo uso por alternativas renovables y compostables},
  date = {2022-07-19},
  year = {2022},
  file = {:./references/es-costa-rica-projects-estrategia-nacional-para-la-sustituci%C3%B3n-de-pl%C3%A1sticos-de-un-solo-uso-por.html:html},
  url = {https://www.undp.org/es/costa-rica/projects/estrategia-nacional-para-la-sustituci%C3%B3n-de-pl%C3%A1sticos-de-un-solo-uso-por},
  urldate = {2022-07-19},
   note={Accessed: July 19, 2022},
    author={{UNDP}}
}

@article{stone2019development,
  title={Development of a pragmatic framework to help food and drink manufacturers select the most sustainable food waste valorisation strategy},
  author={Stone, Jamie and Garcia-Garcia, Guillermo and Rahimifard, Shahin},
  journal={Journal of environmental management},
  volume={247},
  pages={425--438},
  year={2019},
  publisher={Elsevier}
}

@article{stumpf2021climbing,
  title={Climbing up the circularity ladder?--A mixed-methods analysis of circular economy in business practice},
  author={Stumpf, Lukas and Sch{\"o}ggl, Josef-Peter and Baumgartner, Rupert J},
  journal={Journal of Cleaner Production},
  volume={316},
  pages={128158},
  year={2021},
  publisher={Elsevier}
}

@article{athira2020effective,
  title={Effective utilization of sugar industry waste in Indian construction sector: A geospatial approach},
  author={Athira, G and Bahurudeen, A and Sahu, Prasanta K and Santhanam, Manu and Nanthagopalan, Prakash and Lalu, S},
  journal={Journal of Material Cycles and Waste Management},
  volume={22},
  number={3},
  pages={724--736},
  year={2020},
  publisher={Springer}
}


@article{guerrero2016gis,
  title={GIS-based assessment of banana residual biomass potential for ethanol production and power generation: a case study},
  author={Guerrero, Ana Bel{\'e}n and Aguado, Pedro Luis and S{\'a}nchez, Javier and Curt, Mar{\'\i}a Dolores},
  journal={Waste and biomass valorization},
  volume={7},
  number={2},
  pages={405--415},
  year={2016},
  publisher={Springer}
}

@article{hernandez2018impacto,
  title={Impacto y oportunidades de biorrefiner{\'\i}a de los desechos agr{\'\i}colas del cultivo de pi{\~n}a (Ananas comosus) en Costa Rica},
  author={Hern{\'a}ndez-Chaverri, Rodolfo A and Barrag{\'a}n, Lilia Arely Prado},
  journal={Cuadernos de investigaci{\'o}n UNED},
  volume={10},
  number={2},
  pages={455--468},
  year={2018},
  publisher={http://creativecommons. org/licenses/by/3.0/}
}

@article{liao2022techno,
  title={Techno-Economic Analysis and Life Cycle Assessment of Pineapple Leaves Utilization in Costa Rica},
  author={Liao, Clara Yuqi and Guan, Ysabel Jingyi and Bustamante-Rom{\'a}n, Mauricio},
  journal={Energies},
  volume={15},
  number={16},
  pages={5784},
  year={2022},
  publisher={Multidisciplinary Digital Publishing Institute}
}